%% ----------------------------------------------------------------
%% ECS.bib
%% ---------------------------------------------------------------- 
@MISC{Gunn:2001:pdflatex,
  author =       {S.R. Gunn},
  title =        {PDFLaTeX Instructions},
  url =          {http://www.ecs.soton.ac.uk/~srg/softwaretools/document/}
}

%% ---------------------------------------------

%% Anurag Citations -- BEGIN
%% Chapter 1 - Background Research: AWS
 @misc{ch1_2_what_is_aws, 
    title={What Is AWS?}, 
    url={https://aws.amazon.com/what-is-aws/}, 
    journal={what-is-aws}, 
    publisher={Amazon Web Services}, 
    year={2020}, 
    month={Dec}
} 
 
 @misc{ch1_2_amazon_is_best,
    title={2020 Magic Quadrant for CloudInfrastructure \& Platform Services}, url={https://pages.awscloud.com/GLOBAL-multi-DL-gartner-mq-cips-2020-learn.html?pg=LWIAWS}, journal={2020 Magic Quadrant for Cloud Infrastructure & Platform Services}, 
    publisher={Gartner Report}, 
    year={2020}, month={Aug}
}
 
 @misc{ch1_2_case_study_1, 
    title={Bayer Crop Science Case Study – Amazon Web Services}, url={https://aws.amazon.com/solutions/case-studies/bayer-cropscience/?pg=c&p=iot&sec=cs&loc=2}, journal={Amazon Web Services, Inc.}, 
    year={2020}
}

@misc{ch1_2_s3_encryption,
    url={https://docs.aws.amazon.com/kms/latest/developerguide/services-s3.html}, journal={Docs.aws.amazon.com},
    year={2020}
}
 
 @book{ch1_2_case_study_2,
    title={Sensor Networks builds predictive models using AWS IoT and machine learning}, url={https://aws.amazon.com/solutions/case-studies/sensornetworks/?did=cr_card&trk=cr_card}, author={Sensor Networks},
    publisher={Amazon},
    year={2020}
}

@misc{ch1_2_api_gateway,
    author={Codeacadaemy},
    url={https://www.codecademy.com/articles/what-is-rest},
    journal={Codecademy},
    year={2020}
}

@book{oladehin_2019, 
    edition={2}, 
    title={Designing MQTT Topics for AWS IoT Core}, 
    publisher={AWS}, 
    author={Oladehin, Olawale}, 
    year={2019}
}
 
 
@misc{python_requests_lib, 
    url={https://requests.readthedocs.io/en/master/}, 
    publisher={Python Software Foundation}
    }
    
@misc{installing_vagrant,
    url={https://www.vagrantup.com/docs/installation},
    title={Introduction to Vagrant},
    author={Vagrant},
    publisher={HashiCorp},
}

@misc{greengrass_deployment,
    url={https://docs.aws.amazon.com/greengrass/latest/developerguide/deployments.html},
    title={Deplying Greengrass Group to GGC},
    author={AWS},
    year={2020}
}

@misc{silva_2019, 
    title={How to create an AWS Lambda Python Layer}, 
    journal={medium.com}, 
    author={Silva, Lucash Enriques}, 
    url={https://medium.com/@lucashenriquessilva/how-to-create-a-aws-lambda-python-layer-db2830e08b12},
    year={2019}
}

@misc{kumar_2020, 
    title={How to Install Python 3.7 on Amazon Linux}, 
    journal={tecadmin.net}, 
    author={Kumar, Rahul}, 
    url={https://tecadmin.net/install-python-3-7-amazon-linux/},
    year={2020}
}
 %% Anurag Citations -- END
 
%% ---------------------------------------------
 
 %% Eu Jin Citations -- BEGIN
@book{muller_guido_2016, place={California}, edition={1st}, title={Introduction to Machine Learning with Python}, publisher={O’Reilly Media}, author={Muller, A. C. and Guido, S.}, year={2016}}

@misc{abrams_2007, title={DSS - Introduction to Regression}, url={https://dss.princeton.edu/online_help/analysis/regression_intro.htm#:~:text=Regression analysis is used when,logistic regression should be used.}, journal={Princeton University}, publisher={The Trustees of Princeton University}, author={Abrams, Deborah R.}, year={2007}}

@misc{osinski_budek_2018, title={What is Reinforcement Learning?}, url={https://deepsense.ai/what-is-reinforcement-learning-the-complete-guide/}, journal={What is reinforcement learning? The complete guide}, publisher={deepsense.ai}, author={Osinski, B. and Budek, K.}, year={2018}, month={Jul}
}

@misc{corr, title={Interpreting Correlation Coefficients}, url={https://statisticsbyjim.com/basics/correlations/}, journal={Statistics By Jim}, author={Frost, Jim and Lili and A., Raymond and Pat and Amy and Georgiev, Georgi and Do, Amy and Jn and Jn and Ali, Eamonn and et al.}, year={2020}, month={Jul}}

@misc{chauhan_2019, url={https://www.kdnuggets.com/2019/07/classifying-heart-disease-using-k-nearest-neighbors.html}, journal={Classifying Heart Disease Using K-Nearest Neighbors}, publisher={KDnuggets}, author={Chauhan, N. S.}, year={2019}, month={Jul}}

@misc{engdahl_2008, title={Blogs}, url={https://aws.amazon.com/blogs/machine-learning/call-an-amazon-sagemaker-model-endpoint-using-amazon-api-gateway-and-aws-lambda/}, journal={Amazon}, publisher={Greenhaven Press/Gale}, author={Engdahl, Sylvia}, year={2008}}

@misc{kashnitsky_2019, title={Topic 2. Visual data analysis in Python}, url={https://www.kaggle.com/kashnitsky/topic-2-visual-data-analysis-in-python}, journal={Kaggle}, publisher={Kaggle}, author={Kashnitsky}, year={2019}, month={Oct}}

@misc{norm_stand, title={Feature Scaling: Standardization Vs Normalization}, url={https://www.analyticsvidhya.com/blog/2020/04/feature-scaling-machine-learning-normalization-standardization/}, journal={Analytics Vidhya}, author={Aniruddha BhandariI am on a journey to becoming a data scientist. I love to unravel trends in data}, year={2020}, month={Jul}}
 %% Eu Jin Citations -- END
 
%% ---------------------------------------------

 %% Akshay Citations -- BEGIN
@misc{interdigitalAbout, title={{Create. Connect. Live. Inspire.}}, url={https://www.interdigital.com/about}, journal={InterDigital}, author={Interdigital}} 
  
@misc{industry4.0, title={{What is Industry 4.0-the Industrial Internet of Things (IIoT)?}}, url={https://www.epicor.com/en-uk/resource-center/articles/what-is-industry-4-0/}, journal={What is Industry 4.0? | The Industrial Internet of Things | Epicor UK}}

@misc{AdvantEdge, title={Advant{EDGE}}, url={https://github.com/InterDigitalInc/AdvantEDGE}, journal={AdvantEDGE}, publisher={InterDigital}, author={InterDigitalInc}} 
  
@misc{ASUSRouter, title={{ASUS ROG Rapture GT-AX11000}}, url={https://rog.asus.com/Networking/ROG-Rapture-GT-AX11000-Model/}, journal={Gaming Networking｜ROG - Republic of Gamers｜ROG Global}} 

@misc{OFDMA, title={{Why is OFDMA a Magical Feature in the 802.11ax Standard?}}, url={https://www.networkworld.com/article/3315056/why-is-ofdma-a-magical-feature-in-the-802-11ax-standard.html}, journal={Network World}, author={Peter Thornycroft }, year={2018}, month={Oct}} 

@misc{PLCP, title={{A Primer For The 802.XX Physical Layer}}, url={https://semiengineering.com/a-primer-for-the-802-xx-physical-layer/}, journal={Semiconductor Engineering}, author={Worthman, Ernest}, year={2015}, month={Oct}} 

@article{PLCPPaper, title={{Error-Based Interference Detection in WiFi Networks}}, DOI={10.1109/glocom.2017.8254097}, journal={GLOBECOM 2017 - 2017 IEEE Global Communications Conference}, author={Inzerillo, Nicola and Croce, Daniele and Garlisi, Domenico and Giuliano, Fabrizio and Tinnirello, Ilenia}, year={2017}} 

@misc{CRS, title={What is a {CSR (Certificate Signing Request)?}}, url={https://www.sslshopper.com/what-is-a-csr-certificate-signing-request.html}, journal={SSL Certificate Comparison and Reviews}} 

@misc{FCS, title={{What is Frame Check Sequence? - Definition from Techopedia}}, url={https://www.techopedia.com/definition/24793/frame-check-sequence}, journal={Techopedia.com}} 

@misc{QOSPolicies, url={https://documentation.nokia.com/html/0_add-h-f/93-0077-HTML/7750_SR_OS_QoS_Guide/QoS.html}, journal={QoS Policies}, publisher={Nokia}}

@inbook{varghese_2005, place={Amsterdam}, title={{Packet Scheduling}}, booktitle={{Network algorithmics: an interdiciplinary approach to designing fast networked devices}}, publisher={Elsevier}, author={Varghese, George}, year={2005}, pages={339–361}} 

@inproceedings{Karn1990MACAaNC,
  title={MACA-a New Channel Access Method for Packet Radio},
  author={P. Karn},
  year={1990}
}

@misc{RetryDrop, title={{Packet Retries \& Max Retries}}, url={https://mrncciew.com/2013/06/16/packet-retries-max-retries/}, journal={mrn}, author={Nayarasi and Nayarasi}, year={2013}, month={Jun}} 
 
@misc{ackSignal, title={What is an Acknowledgement Code (ACK)? - Definition from Techopedia}, url={https://www.techopedia.com/definition/781/acknowledgement-code-ack}, journal={Techopedia.com}} 
 
@misc{dbFiles, title={{What's a DB File and How Do You Open One?}}, url={https://www.lifewire.com/db-file-4156308}, journal={Lifewire}, author={Fisher, Tim}, year={2020}, month={Dec}} 
 
@misc{tampermonkey, title={{Tampermonkey Google Chrome extension}}, url={https://chrome.google.com/webstore/detail/tampermonkey/dhdgffkkebhmkfjojejmpbldmpobfkfo?hl=en}, journal={Tampermonkey}, publisher={Google}, author={Biniok, Jan}} 
 
@misc{selenium, title={{Selenium automates browsers. That's it!}}, url={https://www.selenium.dev/}, journal={SeleniumHQ Browser Automation}} 

@misc{ssh, title={{SSH (Secure Shell)}}, url={https://www.ssh.com/ssh/}, journal={SSH (Secure Shell) Home Page}} 

@misc{putty, title={{PuTTY SSH Client}}, url={https://www.chiark.greenend.org.uk/~sgtatham/putty/}, journal={PuTTY: a free SSH and Telnet client}} 

@misc{Paramiko, title={{Welcome to Paramiko! - Paramiko Documentation}}, url={http://www.paramiko.org/}, journal={Welcome to Paramiko! - Paramiko documentation}} 

@misc{scp, title={{SCP Client 0.13.3 PyPI}}, url={https://pypi.org/project/scp/}, journal={SCP 0.13.3 PyPI}} 

@misc{sqlite3, title={{SQLite3 - db-API 2.0 Interface For SQLite Databases - Python 3.9.1 Documentation}}, url={https://docs.python.org/3/library/sqlite3.html}, journal={sqlite3 - DB-API 2.0 interface for SQLite databases - Python 3.9.1 documentation}} 

@misc{sqlitePython1, title={{SQLite Python: Select Data From a Table}}, url={https://www.sqlitetutorial.net/sqlite-python/sqlite-python-select/}, journal={SQLite Python: Select Data from A Table}, year={2020}, month={Apr}} 

@misc{watchdog, title={Watchdog - watchdog 0.8.2 documentation}, url={https://pythonhosted.org/watchdog/}, journal={Watchdog - watchdog 0.8.2 documentation}} 
 
 %% Akshay Citations -- END
 
%% ---------------------------------------------

 %% Syuhada Citations -- BEGIN
 
 %% Syuhada Citations -- END
 